@article{tiracs2014t,
  title={T 1 and U 1 approximations to neutron transport equation in one-dimensional spherical geometry},
  author={T{\i}ra{\c{s}}, M and {\"O}zt{\"u}rk, Hakan and B{\"u}lb{\"u}l, Ahmet},
  journal={Kerntechnik},
  volume={79},
  number={2},
  pages={163--166},
  year={2014},
  publisher={Carl Hanser Verlag}
}

@article{anli2006tn,
  title={TN approximation to neutron transport equation and application to critical slab problem},
  author={Anli, Fikret and Ya{\c{s}}a, Faruk and G{\"u}ng{\"o}r, S{\"u}leyman and {\"O}zt{\"u}rk, Hakan},
  journal={Journal of Quantitative Spectroscopy and Radiative Transfer},
  volume={101},
  number={1},
  pages={129--134},
  year={2006},
  publisher={Elsevier}
}
@article{yilmazer2007solution,
  title={Solution of one-speed neutron transport equation for strongly anisotropic scattering by TN approximation: Slab criticality problem},
  author={Yilmazer, Ayhan},
  journal={Annals of Nuclear Energy},
  volume={34},
  number={9},
  pages={743--751},
  year={2007},
  publisher={Elsevier}
}
@article{okkecs2015diffusion,
  title={Diffusion Approximation to Neutron Transport Equation with First Kind of Chebyshev Polynomials},
  author={{\"O}kke{\c{s}}, EGE and {\"O}zt{\"u}rk, Hakan and B{\"u}lb{\"u}l, Ahmet},
  journal={SD{\"U} Fen Edebiyat Fak{\"u}ltesi Fen Dergisi},
  volume={10},
  number={2},
  year={2015}
}